<?xml version="1.0" encoding="UTF-8"?><collection xmlns="http://www.loc.gov/MARC21/slim"><record><leader>00508nam--2200145-i-4500</leader><controlfield tag="001">000022251</controlfield><controlfield tag="002">20161230</controlfield><controlfield tag="005">20161230201034</controlfield><controlfield tag="008">060222s1000------------r-----000-0-eng-d</controlfield><datafield ind1=" " ind2=" " tag="080"><subfield code="a">66.065/067</subfield></datafield><datafield ind1=" " ind2=" " tag="100"><subfield code="a">Hovi, Vaino, Mansikka, Kauko And Makela, Mikko</subfield></datafield><datafield ind1=" " ind2=" " tag="245"><subfield code="a">On the rate of solidification of a pure substance in the case of cylindrically symmetrical heat flow</subfield></datafield><datafield ind1=" " ind2=" " tag="260"><subfield code="a">Helsinki, Suomalainen Tiedeakademia, 1962</subfield></datafield><datafield ind1=" " ind2=" " tag="490"><subfield code="a">Annales Academiae Scientirum Fennicae, Eries A., Physica</subfield></datafield><datafield ind1=" " ind2=" " tag="852"><subfield code="a">6361</subfield></datafield></record></collection>